@article{aac4716,
  title     = {Estimating the reproducibility of psychological science},
  author    = {The Open Science Collaboration},
  journal   = {Science},
  volume    = {349},
  number    = {6251},
  year      = {2015},
  doi       = {10.1126/science.aac4716},
  publisher = {American Association for the Advancement of Science},
  url       = {http://science.sciencemag.org/content/349/6251/aac4716},
}

@article{483531a,
  title     = {Drug development: Raise standards for preclinical cancer research},
  author    = {C. Glenn Begley and Lee M. Ellis},
  journal   = {Nature},
  volume    = {483},
  year      = {2012},
  doi       = {10.1038/453531a},
  publisher = {Macmillan Publishers Limited},
}

@article{10.1371/journal.pmed.0020124,
  author    = {John P. A. Ioannidis},
  journal   = {PLoS Med},
  publisher = {Public Library of Science},
  title     = {Why most published research findings are false},
  year      = {2005},
  url       = {http://dx.doi.org/10.1371%2Fjournal.pmed.0020124},
}

@article{Ferguson2014,
  doi = {10.1038/515480a},
  url = {http://dx.doi.org/10.1038/515480a},
  year  = {2014},
  month = {nov},
  publisher = {Nature Publishing Group},
  volume = {515},
  number = {7528},
  pages = {480--482},
  author = {Cat Ferguson and Adam Marcus and Ivan Oransky},
  title = {Publishing: The peer-review scam},
  journal = {Nature}
}

@article{Fanelli2009,
  doi = {10.1371/journal.pone.0005738},
  url = {http://dx.doi.org/10.1371/journal.pone.0005738},
  year  = {2009},
  month = {may},
  publisher = {Public Library of Science ({PLoS})},
  volume = {4},
  number = {5},
  pages = {e5738},
  author = {Daniele Fanelli},
  editor = {Tom Tregenza},
  title = {How Many Scientists Fabricate and Falsify Research? A Systematic Review and Meta-Analysis of Survey Data},
  journal = {{PLoS} {ONE}}
}

@article{Head2015,
  doi = {10.1371/journal.pbio.1002106},
  url = {http://dx.doi.org/10.1371/journal.pbio.1002106},
  year  = {2015},
  month = {mar},
  publisher = {Public Library of Science ({PLoS})},
  volume = {13},
  number = {3},
  pages = {e1002106},
  author = {Megan L. Head and Luke Holman and Rob Lanfear and Andrew T. Kahn and Michael D. Jennions},
  title = {The Extent and Consequences of P-Hacking in Science},
  journal = {{PLOS} Biology}
}

@misc{1601.07858,
Author = {Alberto Accomazzi and Michael J. Kurtz and Edwin A. Henneken and Carolyn S. Grant and Donna M. Thompson and Roman Chyla and Alexandra Holachek and Jonathan Elliott},
Title = {Aggregation and Linking of Observational Metadata in the ADS},
Year = {2016},
Eprint = {arXiv:1601.07858},
}

@article{Rubacha2011,
  doi = {10.1016/j.jala.2009.01.002},
  url = {http://dx.doi.org/10.1016/j.jala.2009.01.002},
  year  = {2011},
  month = {feb},
  publisher = {{SAGE} Publications},
  volume = {16},
  number = {1},
  pages = {90--98},
  author = {Michael Rubacha and Anil K. Rattan and Stephen C. Hosselet},
  title = {A Review of Electronic Laboratory Notebooks Available in the Market Today},
  journal = {Journal of Laboratory Automation}
}

@Inbook{West2009,
  author={West, Matthew},
  chapter={Ontology Meets Business - Applying Ontology to the Development of Business Information Systems},
  title={Complex Systems in Knowledge-based Environments: Theory, Models and Applications},
  year={2009},
  publisher={Springer Berlin Heidelberg},
  address={Berlin, Heidelberg},
  pages={229--260},
  isbn={978-3-540-88075-2},
  doi={10.1007/978-3-540-88075-2_9},
  url={http://dx.doi.org/10.1007/978-3-540-88075-2_9}
}

@misc{FDA,
  url = {http://www.fda.gov/RegulatoryInformation/Guidances/ucm125067.htm},
  title = {Guidance for Industry Part 11, Electronic Records; Electronic Signatures - Scope and Application},
  author = {United States Food and Drug Administration}
}

@article{Taverna,
  author = {Oinn, Tom and Greenwood, Mark and Addis, Matthew and Alpdemir, M. Nedim and Ferris, Justin and Glover, Kevin and Goble, Carole and Goderis, Antoon and Hull, Duncan and Marvin, Darren and Li, Peter and Lord, Phillip and Pocock, Matthew R. and Senger, Martin and Stevens, Robert and Wipat, Anil and Wroe, Chris},
  doi = {10.1002/cpe.v18:10},
  issn = {1532-0626},
  journal = {Concurrency and Computation: Practice {\&} Experience},
  keywords = {Semantic Grid environment,Web services,life sciences,scientific workflow},
  month = {aug},
  number = {10},
  pages = {1067--1100},
  publisher = {John Wiley and Sons Ltd.},
  title = {{Taverna: lessons in creating a workflow environment for the life sciences: Research Articles}},
  url = {http://dl.acm.org/citation.cfm?id=1148437.1148448},
  volume = {18},
  year = {2006}
}

@article{VisTrails,
  author={J. Freire and C. T. Silva},
  journal={Computing in Science Engineering},
  title={Making Computations and Publications Reproducible with VisTrails},
  year={2012},
  volume={14},
  number={4},
  pages={18-25},
  keywords={Data visualization;Programming;Reproducibility of results;Research and development;Scientific computing;Systematics;Data visualization;Programming;Reproducibility of results;Research and development;Scientific computing;Systematics;open science;provenance;reproducible publications;scientific computing;scientific workflows},
  doi={10.1109/MCSE.2012.76},
  ISSN={1521-9615},
  month={July},
}

@article{Knuth:1984:LP:473.479,
  author = {Knuth, Donald E.},
  title = {Literate Programming},
  journal = {Comput. J.},
  issue_date = {May 1984},
  volume = {27},
  number = {2},
  month = may,
  year = {1984},
  issn = {0010-4620},
  pages = {97--111},
  numpages = {15},
  url = {http://dx.doi.org/10.1093/comjnl/27.2.97},
  doi = {10.1093/comjnl/27.2.97},
  acmid = {479},
  publisher = {Oxford University Press},
  address = {Oxford, UK},
}

@software{mathematica,
  author = {{Wolfram Research, Inc.}},
  title = {Mathematica 8.0},
  url = {https://www.wolfram.com},
  version = {0.8},
  date = {2010},
}

@Manual{Rlang,
    title = {R: A Language and Environment for Statistical Computing},
    author = {{R Development Core Team}},
    organization = {R Foundation for Statistical Computing},
    address = {Vienna, Austria},
    year = {2008},
    note = {{ISBN} 3-900051-07-0},
    url = {http://www.R-project.org},
}

@Article{IPython,
  Author    = {P\'erez, Fernando and Granger, Brian E.},
  Title     = {{IP}ython: a System for Interactive Scientific Computing},
  Journal   = {Computing in Science and Engineering},
  Volume    = {9},
  Number    = {3},
  Pages     = {21--29},
  month     = {may},
  year      = {2007},
  url       = {http://ipython.org},
  ISSN      = {1521-9615},
  doi       = {10.1109/MCSE.2007.53},
  publisher = {IEEE Computer Society},
}

@software{MATLAB,
  year = {2016},
  title = {MATLAB R2016a},
  publisher = {The MathWorks Inc.},
  address = {Natick, Massachusetts}
}

@article{ELLIOTT2007,
  doi = {10.1016/j.jala.2006.07.012},
  url = {http://dx.doi.org/10.1016/j.jala.2006.07.012},
  year  = {2007},
  month = {feb},
  publisher = {{SAGE} Publications},
  volume = {12},
  number = {1},
  pages = {17--24},
  author = {C ELLIOTT and V VIJAYAKUMAR and W ZINK and R HANSEN},
  title = {National Instruments {LabVIEW}: A Programming Environment for Laboratory Automation and Measurement},
  journal = {Journal of the Association for Laboratory Automation}
}

@article{Wang2016,
  doi = {10.1021/acs.analchem.5b04677},
  url = {http://dx.doi.org/10.1021/acs.analchem.5b04677},
  year  = {2016},
  month = {feb},
  publisher = {American Chemical Society ({ACS})},
  volume = {88},
  number = {3},
  pages = {1959--1964},
  author = {Zhe Wang and Min Guo and Xiaoyi Mu and Soumyo Sen and Thomas Insley and Andrew J. Mason and Petr Kr{\'{a}}l and Xiangqun Zeng},
  title = {Highly Sensitive Capacitive Gas Sensing at Ionic Liquid{\textendash}Electrode Interfaces},
  journal = {Analytical Chemistry}
}

@article{Wang2014,
  doi = {10.1039/c4an00839a},
  url = {http://dx.doi.org/10.1039/C4AN00839A},
  year  = {2014},
  month = {jun},
  publisher = {Royal Society of Chemistry ({RSC})},
  volume = {139},
  number = {20},
  pages = {5140--5147},
  author = {Zhe Wang and Min Guo and Gary A. Baker and Joseph R. Stetter and Lu Lin and Andrew J. Mason and Xiangqun Zeng},
  title = {Methane{\textendash}oxygen electrochemical coupling in an ionic liquid: a robust sensor for simultaneous quantification},
  journal = {The Analyst}
}

@article{Li2014,
  author={H. Li and X. Mu and Y. Yang and A. J. Mason},
  journal={IEEE Sensors Journal},
  title={Low Power Multimode Electrochemical Gas Sensor Array System for Wearable Health and Safety Monitoring},
  year={2014},
  volume={14},
  number={10},
  pages={3391-3399},
  keywords={electrochemical sensors;gas sensors;sensor arrays;O2;ac impedance mode;amperometry mode;commercial low power microcontroller board;ionic-liquid gas sensor array;low power electrochemical gas sensor array system;multimode electrochemical gas sensor array system;readout board;resource-sharing circuit architecture;safety monitoring;temperature 293 K to 298 K;wearable health monitoring;Gas detectors;Gases;Instruments;Sensor arrays;Sensor systems;Electrochemical gas sensor array;low power},
  doi={10.1109/JSEN.2014.2332278},
  ISSN={1530-437X},
  month={Oct},
}

@software{ZettaJS,
  author = {Zetta},
  title = {Zetta - An API-First Internet of Things (IoT) Platform - Free and Open Source Software},
  publisher = {Apigee},
  howpublished = {http://www.zettajs.org/},
  note = {(Accessed on 05/04/2016)}
}

@article{Marco2012,
  doi = {10.1109/jsen.2012.2192920},
  url = {http://dx.doi.org/10.1109/JSEN.2012.2192920},
  year  = {2012},
  month = {nov},
  publisher = {Institute of Electrical {\&} Electronics Engineers ({IEEE})},
  volume = {12},
  number = {11},
  pages = {3189--3214},
  author = {S. Marco and A. Gutierrez-Galvez},
  title = {Signal and Data Processing for Machine Olfaction and Chemical Sensing: A Review},
  journal = {{IEEE} Sensors J.}
}

@article{cardoso2004workflow,
  title={Workflow management systems and ERP systems: Differences, commonalities, and applications},
  author={Cardoso, Jorge and Bostrom, Robert P and Sheth, Amit},
  journal={Information Technology and Management},
  volume={5},
  number={3-4},
  pages={319--338},
  year={2004},
  publisher={Springer}
}

@inproceedings{ReproZip,
 author = {Chirigati, Fernando and Shasha, Dennis and Freire, Juliana},
 title = {ReproZip: Using Provenance to Support Computational Reproducibility},
 booktitle = {Proceedings of the 5th USENIX Conference on Theory and Practice of Provenance},
 series = {TaPP'13},
 year = {2013},
 location = {Lombard, IL},
 pages = {1--1},
 numpages = {1},
 url = {http://dl.acm.org/citation.cfm?id=2482613.2482614},
 acmid = {2482614},
 publisher = {USENIX Association},
 address = {Berkeley, CA, USA},
}

@misc{CoreLIMS,
author = {CoreLIMS},
title = {Workflow Management in the Core LIMS},
howpublished = {https://corelims.com/workflowmanagement.htm},
publisher = {Core Informatics LLC},
month = {},
year = {},
note = {(Accessed on 05/05/2016)}
}

@book{Allweyer:2010:BPM:1841147,
 author = {Allweyer, Thomas},
 title = {BPMN 2.0},
 year = {2010},
 isbn = {3839149851, 9783839149850},
 publisher = {BoD},
}
